@article{abc,
  doi = {%%},
  author = "{%%}",
  title = {%%},
  year = {%%},
  journal = {%%},
  publisher = {%%}
}


@book{abcd,
  author = {%%},
  title = "{%%}",
  publisher = {%%},
  year = {%%}
}

@misc{BenZviLanglands,
  author = {David Ben-Zvi, (notes by Jackson Van Dyke)},
  title = "{Between electric-magnetic duality and the Langlands program}",
  howpublished = {\url{https://web.ma.utexas.edu/users/vandyke/notes/langlands_sp21/langlands.pdf}},
  year = {2021}
% TODO: \usepackage{graphicx} required
\begin{figure}
\centering
\includegraphics[width=0.7\linewidth]{titlepage}
\caption{}
\label{fig:titlepage}
\end{figure}
}

@misc{freed2008remarks,
	title={Remarks on Chern-Simons Theory}, 
	author={Daniel S. Freed},
	year={2008},
	eprint={0808.2507},
	archivePrefix={arXiv},
	primaryClass={math.AT}
}

@Book{MilnorS05,
	Author = {Milnor, John W. and Stasheff, James D.},
	Title = {Characteristic classes},
	Series = {Texts Read. Math.},
	Year = {2005},
	Publisher = {New Delhi: Hindustan Book Agency},
	Language = {English},
}

@misc{JordanTFTs,
  author = {D. Jordan},
  title = "{Topological Field Theories, Lecture Notes of the Working Seminar at
The Hodge Institute}",
  howpublished = {\url{https://www.maths.ed.ac.uk/~djordan/lecture_notes_tft_seminar.pdf}},
  year = {2021}
}

@inproceedings{Kitaev_2009,
   title={Periodic table for topological insulators and superconductors},
   url={http://dx.doi.org/10.1063/1.3149495},
   DOI={10.1063/1.3149495},
   booktitle={AIP Conference Proceedings},
   publisher={AIP},
   author={Kitaev, Alexei and Lebedev, Vladimir and Feigel’man, Mikhail},
   year={2009} }

@article{Freed_2013,
   title={Twisted Equivariant Matter},
   volume={14},
   ISSN={1424-0661},
   url={http://dx.doi.org/10.1007/s00023-013-0236-x},
   DOI={10.1007/s00023-013-0236-x},
   number={8},
   journal={Annales Henri Poincaré},
   publisher={Springer Science and Business Media LLC},
   author={Freed, Daniel S. and Moore, Gregory W.},
   year={2013},
   month=mar, pages={1927–2023} }

@misc{LurieGoodwillieEquivalent,
  author = "{Jacob Lurie}",
  title = {$(\infty, 2)$-Categories and the Goodwillie Calculus I},
  year = {2009},
  howpublished = {\url{https://www.math.ias.edu/~lurie/papers/GoodwillieI.pdf}}
}

@misc{GregoricSpectra,
  author = "{Rok Gregoric}",
  title = {SPECTRA ARE YOUR FRIENDS},
  year = {2019},
  howpublished = {\url{https://web.ma.utexas.edu/users/gregoric/Spectra%20Are%20Your%20Friends.pdf}}
}

@misc{freed2014shortrange,
      title={Short-range entanglement and invertible field theories}, 
      author={Daniel S. Freed},
      year={2014},
      eprint={1406.7278},
      archivePrefix={arXiv},
      primaryClass={cond-mat.str-el}
}

@misc{bergner2006survey,
      title={A survey of ($\infty$, 1)-categories}, 
      author={Julia E. Bergner},
      year={2006},
      eprint={math/0610239},
      archivePrefix={arXiv},
      primaryClass={math.AT}
}

@misc{RelativeBSVDUAL,
  author = "{David Ben-Zvi, Yiannis Sakellaridis, Akshay Venkatesh}",
  title = {RELATIVE LANGLANDS DUALITY},
  year = {(Work in progress) 2023},
  howpublished = {\url{https://www.math.ias.edu/~akshay/research/BZSVpaperV1.pdf}}
}


@Book{Lee2012,
author="Lee, John M.",
title="Smooth Manifolds",
bookTitle="Introduction to Smooth Manifolds",
year="2012",
publisher="Springer New York",
address="New York, NY",
abstract="In this chapter, we begin by introducing the simplest type of manifolds, the topological manifolds, which are topological spaces with three special properties that encode what we mean when we say that they ``locally look like ℝn.'' We then prove some important topological properties of manifolds that we use throughout the book. In the second section we introduce an additional structure, called a smooth structure, that can be added to a topological manifold to enable us to do calculus. Following the basic definitions, we introduce a number of examples of manifolds, so you can have something concrete in mind as you read the general theory. At the end of the chapter we introduce the concept of a smooth manifold with boundary, an important generalization of smooth manifolds that will have numerous applications throughout the book.",
isbn="978-1-4419-9982-5",
doi="10.1007/978-1-4419-9982-5_1",
url="https://doi.org/10.1007/978-1-4419-9982-5_1"
}

@book{Turaev+2016,
	url = {https://doi.org/10.1515/9783110435221},
	title = {Quantum Invariants of Knots and 3-Manifolds},
	author = {Vladimir G. Turaev},
	publisher = {De Gruyter},
	address = {Berlin, Boston},
	doi = {doi:10.1515/9783110435221},
	isbn = {9783110435221},
	year = {2016},
	lastchecked = {2024-02-10}
}

@article{Atiyah1988,
    author ={Michael F., Atiyah},
    title ={Topological quantum field theory},
    journal = {Publication Mathematiques de l'I.H.É.S.},
    year ={1988}
}

@Article{Witten1989,
author={Witten, Edward},
title={Quantum field theory and the Jones polynomial},
journal={Communications in Mathematical Physics},
year={1989},
month={Sep},
day={01},
volume={121},
number={3},
pages={351-399},
abstract={It is shown that 2+1 dimensional quantum Yang-Mills theory, with an action consisting purely of the Chern-Simons term, is exactly soluble and gives a natural framework for understanding the Jones polynomial of knot theory in three dimensional terms. In this version, the Jones polynomial can be generalized fromS3 to arbitrary three manifolds, giving invariants of three manifolds that are computable from a surgery presentation. These results shed a surprising new light on conformal field theory in 1+1 dimensions.},
issn={1432-0916},
doi={10.1007/BF01217730},
url={https://doi.org/10.1007/BF01217730}
}

@Inbook{Hirsch1976,
author="Hirsch, Morris W.",
title="Differential Topology",
year="1976",
publisher="Springer New York",
address="New York, NY",
pages="1--6",
isbn="978-1-4684-9449-5",
doi="10.1007/978-1-4684-9449-5_1",
url="https://doi.org/10.1007/978-1-4684-9449-5_1"
}

@article{Haag:1963dh,
    author = "Haag, Rudolf and Kastler, Daniel",
    title = "{An Algebraic approach to quantum field theory}",
    doi = "10.1063/1.1704187",
    journal = "J. Math. Phys.",
    volume = "5",
    pages = "848--861",
    year = "1964"
}

@article{Carqueville_2018,
   title={Introductory lectures on topological quantum field theory},
   volume={114},
   ISSN={1730-6299},
   url={http://dx.doi.org/10.4064/bc114-1},
   DOI={10.4064/bc114-1},
   journal={Banach Center Publications},
   publisher={Institute of Mathematics, Polish Academy of Sciences},
   author={Carqueville, Nils and Runkel, Ingo},
   year={2018},
   pages={9–47} }

@misc{shulman2008set,
      title={Set theory for category theory}, 
      author={Michael A. Shulman},
      year={2008},
      eprint={0810.1279},
      archivePrefix={arXiv},
      primaryClass={math.CT}
}

@misc{baez2004quantum,
      title={Quantum Quandaries: a Category-Theoretic Perspective}, 
      author={John C. Baez},
      year={2004},
      eprint={quant-ph/0404040},
      archivePrefix={arXiv},
      primaryClass={quant-ph}
}

@misc{FreedBordism,
      title={Bordism: Old and New},
      author={Daniel S. Freed},
      year={2013},
      url={https://web.ma.utexas.edu/users/dafr/bordism.pdf}
}

@misc{RezkQuasiCat,
      title={INTRODUCTION TO QUASICATEGORIES},
      author={Charles Rezk},
      year={2021},
      url={https://people.math.rochester.edu/faculty/doug/otherpapers/Rezk-quasicats-intro.pdf}
}
@misc{HarpazAlgebras,
      title={LITTLE CUBE ALGEBRAS AND FACTORIZATION HOMOLOGY (Course notes, in progress)},
      author={Yonatan Harpaz},
      year={2019},
      url={https://www.math.univ-paris13.fr/~harpaz/lecture_notes.pdf}
}

@misc{SchwHopfQuantumTFT,
      title={Hopf algebras, quantum groups and topological field theory},
      author={Christoph Schweigert},
      year={2023},
      howpublished = {\url{https://www.math.uni-hamburg.de/home/schweigert/skripten/hskript.pdf}}
}

@book{Lane1971,
author="Lane, Saunders Mac",
title="Categories for the Working Mathematician",
year="1971",
publisher="Springer New York",
address="New York, NY",
isbn="978-1-4612-9839-7",
doi="10.1007/978-1-4612-9839-7_8",
url="https://doi.org/10.1007/978-1-4612-9839-7_8"
}

@misc{morava2011cosmic,
      title={The Cosmic Galois group as Koszul dual to Waldhausen's A(pt)}, 
      author={Jack Morava},
      year={2011},
      eprint={1108.4627},
      archivePrefix={arXiv},
      primaryClass={math.AT}
}

@book{kock_2003, place={Cambridge}, series={London Mathematical Society Student Texts}, title={Frobenius Algebras and 2-D Topological Quantum Field Theories}, DOI={10.1017/CBO9780511615443}, publisher={Cambridge University Press}, author={Kock, Joachim}, year={2003}, collection={London Mathematical Society Student Texts}}

@misc{muller2020extended,
      title={Extended Functorial Field Theories and Anomalies in Quantum Field Theories}, 
      author={Lukas Müller},
      year={2020},
      eprint={2003.08217},
      archivePrefix={arXiv},
      primaryClass={math-ph}
}

@misc{freed2012cobordism,
      title={The cobordism hypothesis}, 
      author={Daniel S. Freed},
      year={2012},
      eprint={1210.5100},
      archivePrefix={arXiv},
      primaryClass={math.AT}
}

@misc{gwilliam2018duals,
	title={Duals and adjoints in higher Morita categories}, 
	author={Owen Gwilliam and Claudia Scheimbauer},
	year={2018},
	eprint={1804.10924},
	archivePrefix={arXiv},
	primaryClass={math.CT}
}

@book{weibel1994introduction,
  title={An Introduction to Homological Algebra},
  author={Weibel, C.A.},
  isbn={9780521559874},
  lccn={93015649},
  series={Cambridge Studies in Advanced Mathematics},
  url={https://books.google.de/books?id=flm-dBXfZ_gC},
  year={1994},
  publisher={Cambridge University Press}
}

@misc{lurie2009classification,
      title={On the Classification of Topological Field Theories}, 
      author={Jacob Lurie},
      year={2009},
      eprint={0905.0465},
      archivePrefix={arXiv},
      primaryClass={math.CT}
}

@article{Calaque_2019,
   title={A note on the {$(\infty,n)$}–category of cobordisms},
   volume={19},
   ISSN={1472-2747},
   url={http://dx.doi.org/10.2140/agt.2019.19.533},
   DOI={10.2140/agt.2019.19.533},
   number={2},
   journal={Algebraic {\&} Geometric Topology},
   publisher={Mathematical Sciences Publishers},
   author={Calaque, Damien and Scheimbauer, Claudia},
   year={2019},
   month=mar, pages={533–655} }

@misc{stroppel2022categorification,
      title={Categorification: tangle invariants and TQFTs}, 
      author={Catharina Stroppel},
      year={2022},
      eprint={2207.05139},
      archivePrefix={arXiv},
      primaryClass={math.QA}
}

@article{Baez_1995,
   title={Higher-dimensional algebra and topological quantum field theory},
   volume={36},
   ISSN={1089-7658},
   url={http://dx.doi.org/10.1063/1.531236},
   DOI={10.1063/1.531236},
   number={11},
   journal={Journal of Mathematical Physics},
   publisher={AIP Publishing},
   author={Baez, John C. and Dolan, James},
   year={1995},
   month=nov, pages={6073–6105} }

@misc{grady2022geometric,
      title={The geometric cobordism hypothesis}, 
      author={Daniel Grady and Dmitri Pavlov},
      year={2022},
      eprint={2111.01095},
      archivePrefix={arXiv},
      primaryClass={math.AT}
}

@misc{ayala2017cobordism,
      title={The cobordism hypothesis}, 
      author={David Ayala and John Francis},
      year={2017},
      eprint={1705.02240},
      archivePrefix={arXiv},
      primaryClass={math.AT}
}

@misc{schommerpries2014classification,
      title={The Classification of Two-Dimensional Extended Topological Field Theories}, 
      author={Christopher J. Schommer-Pries},
      year={2014},
      eprint={1112.1000},
      archivePrefix={arXiv},
      primaryClass={math.AT}
}

@article{Freed_1994,
   title={Higher algebraic structures and quantization},
   volume={159},
   ISSN={1432-0916},
   url={http://dx.doi.org/10.1007/BF02102643},
   DOI={10.1007/bf02102643},
   number={2},
   journal={Communications in Mathematical Physics},
   publisher={Springer Science and Business Media LLC},
   author={Freed, Daniel S.},
   year={1994},
   month=jan, pages={343–398} }


@book{Mazel-Gee2024,
author="Mazel-Gee, Aaron",
title="Higher Algebra: Chapter 0",
year="2024?",
publisher="Cambridge University Press",
url="https://etale.site/book.html"
}

@article{Freed_2021,
   title={Reflection positivity and invertible topological phases},
   volume={25},
   ISSN={1465-3060},
   url={http://dx.doi.org/10.2140/gt.2021.25.1165},
   DOI={10.2140/gt.2021.25.1165},
   number={3},
   journal={Geometry \& Topology},
   publisher={Mathematical Sciences Publishers},
   author={Freed, Daniel S and Hopkins, Michael J},
   year={2021},
   month=may, pages={1165–1330} }

@book{Tanaka_2020,
   title={Lectures on Factorization Homology, {$(\infty,n)$}-Categories, and Topological Field Theories},
   ISBN={9783030611637},
   ISSN={2197-1765},
   url={http://dx.doi.org/10.1007/978-3-030-61163-7},
   DOI={10.1007/978-3-030-61163-7},
   journal={SpringerBriefs in Mathematical Physics},
   publisher={Springer International Publishing},
   author={Tanaka, Hiro Lee},
   year={2020} }

@misc{HiroLee2022,
  author        = {Tanaka, Hiro Lee, (Notes written by Peter Haine)},
  title         = {Viva Fukaya!},
  month         = {January},
  year          = {2022},
  url           = {https://math.berkeley.edu/~phaine/files/Viva_Fukaya.pdf},
  publisher={Talk at the \textit{Viva Talbot!} Workshop}
}

@misc{fewster2019algebraic,
      title={Algebraic Quantum Field Theory -- an introduction}, 
      author={Christopher J. Fewster and Kasia Rejzner},
      year={2019},
      eprint={1904.04051},
      archivePrefix={arXiv},
      primaryClass={hep-th}
}

@misc{halvorson2006algebraic,
      title={Algebraic Quantum Field Theory}, 
      author={Hans Halvorson and Michael Mueger},
      year={2006},
      eprint={math-ph/0602036},
      archivePrefix={arXiv},
      primaryClass={math-ph}
}

@article{MULLER199735,
title = {The equivalence myth of quantum mechanics —Part I},
journal = {Studies in History and Philosophy of Science Part B: Studies in History and Philosophy of Modern Physics},
volume = {28},
number = {1},
pages = {35-61},
year = {1997},
issn = {1355-2198},
doi = {https://doi.org/10.1016/S1355-2198(96)00022-6},
url = {https://www.sciencedirect.com/science/article/pii/S1355219896000226},
author = {F.A. Muller}
}

@misc{costello2023factorization,
      title={Factorization algebra}, 
      author={Kevin Costello and Owen Gwilliam},
      year={2023},
      eprint={2310.06137},
      archivePrefix={arXiv},
      primaryClass={math-ph}
}

@article{KasselRossoTuraev97,
     author = {Kassel, Christian and Rosso, Marc and Turaev, Vladimir},
     title = {Quantum groups and knot invariants},
     journal = {HAL},
     volume = {1997},
     number = {0},
     year = {1997},
     language = {en},
     url = {http://dml.mathdoc.fr/item/hal-00124690}
}

@article{Artin1950,
 ISSN = {00030996},
 URL = {http://www.jstor.org/stable/27826294},
 author = {EMIL ARTIN},
 journal = {American Scientist},
 number = {1},
 pages = {112--119},
 publisher = {Sigma Xi, The Scientific Research Society},
 title = {THE THEORY OF BRAIDS},
 urldate = {2024-01-10},
 volume = {38},
 year = {1950}
}

@book{land2021introduction,
  title={Introduction to Infinity-Categories},
  author={Land, M.},
  isbn={9783030615246},
  series={Compact Textbooks in Mathematics},
  url={https://books.google.de/books?id=1sMqEAAAQBAJ},
  year={2021},
  publisher={Springer International Publishing}
}

@article{Lauda_2008,
   title={Open–closed strings: Two-dimensional extended TQFTs and Frobenius algebras},
   volume={155},
   ISSN={0166-8641},
   url={http://dx.doi.org/10.1016/j.topol.2007.11.005},
   DOI={10.1016/j.topol.2007.11.005},
   number={7},
   journal={Topology and its Applications},
   publisher={Elsevier BV},
   author={Lauda, Aaron D. and Pfeiffer, Hendryk},
   year={2008},
   month=mar, pages={623–666} }

@article{Witten:1990bs,
    author = "Witten, Edward",
    title = "{Introduction to cohomological field theories}",
    reportNumber = "IASSNS-HEP-90-57",
    doi = "10.1142/S0217751X91001350",
    journal = "Int. J. Mod. Phys. A",
    volume = "6",
    pages = "2775--2792",
    year = "1991"
}

@article{Mazur1973NotesO,
  title={Notes on {\'e}tale cohomology of number fields},
  author={Barry Mazur},
  journal={Annales Scientifiques De L Ecole Normale Superieure},
  year={1973},
  volume={6},
  pages={521-552},
  url={https://api.semanticscholar.org/CorpusID:121897226}
}

@book{liu2002algebraic,
  title={Algebraic Geometry and Arithmetic Curves},
  author={Liu, Q.},
  isbn={9780198502845},
  lccn={2002510408},
  series={Oxford graduate texts in mathematics},
  url={https://books.google.de/books?id=n9uQvKVwj8gC},
  year={2002},
  publisher={Oxford University Press}
}

@misc{kim2016arithmetic,
      title={Arithmetic Chern-Simons Theory I}, 
      author={Minhyong Kim},
      year={2016},
      eprint={1510.05818},
      archivePrefix={arXiv},
      primaryClass={math.NT}
}

@misc{kapustin2007electricmagnetic,
      title={Electric-Magnetic Duality And The Geometric Langlands Program}, 
      author={Anton Kapustin and Edward Witten},
      year={2007},
      eprint={hep-th/0604151},
      archivePrefix={arXiv},
      primaryClass={hep-th}
}

@Inbook{Kapranov1995,
author="Kapranov, M. M.",
title="Analogies between the Langlands Correspondence and Topological Quantum Field Theory",
bookTitle="Functional Analysis on the Eve of the 21st Century: Volume I: In Honor of the Eightieth Birthday of I. M. Gelfand",
year="1995",
publisher="Birkh{\"a}user Boston",
address="Boston, MA",
pages="119--151",
abstract="Class field theory, i.e., the description of Abelian coverings of 1-dimensional schemes in terms of ideles, has two generalizations in two different directions. One is the higher-dimensional class field theory of Parshin, Kato, Bloch and Saito [P 1--2], [K], [B1], [Sa] which describes Abelian coverings of schemes of absolute dimension n in terms of Milnor Kn-groups of the appropriately defined ring of adeles (in the classical case the group of ideles can be seen as K1). The other generalization, the Langlands program, concerns only 1--dimensional schemes but describes higher-dimensional representations of the Galois groups in terms of representations of the groups of adelic matrices. One would like to have a common generalization of these two theories which would describe higher-dimensional representations of the Galois groups of higher-dimensional schemes. This question, although very natural, has never been discussed in the literature, even at the most rough and heuristic level (like what kind of structures should be involved in the ``Langlands theory for higher dimensional schemes''). The present paper is an attempt to do so and to generate a rough conjectural framework for such a theory. I am aware that the conclusions are preliminary at best, but I hope that the general approach sketched here will help to formulate a more detailed program.",
isbn="978-1-4612-2582-9",
doi="10.1007/978-1-4612-2582-9_4",
url="https://doi.org/10.1007/978-1-4612-2582-9_4"
}

@book{kosinski2013differential,
  title={Differential Manifolds},
  author={Kosinski, A.A.},
  isbn={9780486318158},
  series={Dover Books on Mathematics},
  url={https://books.google.de/books?id=PcmjAQAAQBAJ},
  year={2013},
  publisher={Dover Publications}
}

@misc{tingley2015minus,
      title={A minus sign that used to annoy me but now I know why it is there}, 
      author={Peter Tingley},
      year={2015},
      eprint={1002.0555},
      archivePrefix={arXiv},
      primaryClass={math.GT}
}